2717 4767
154 410 205 460 us
238 394 935 502 numosrunnrsnncomrpor.
993 387 1065 472 153
1172 419 1175 430 ·

32 593 118 653 Nunc
149 558 268 653 illormn
302 596 500 673 conspicioque
532 595 660 668 scriptas
699 607 742 652 est
772 613 879 652 auriam
908 623 950 637 ·-
988 591 1066 652 alirn

33 686 188 769 Boeotiae,
222 696 301 755 atius
326 693 375 756 laic
405 691 524 774 aliquid
550 717 668 772 eorum,
708 717 729 755 a
747 717 799 775 'rna
825 697 978 770 recepisse.
1020 692 1066 753 lta
1099 680 1106 797 '¹
1146 710 1150 718 ’
1182 749 1185 764 ,
1243 665 1246 672 ·

32 799 120 857 sanari
142 807 238 871 potest
263 799 343 858 loom
365 797 573 875 difficillimus,
601 798 685 871 nodia
706 799 979 871 litera-immutata,
1010 788 1066 854 nisi

31 900 78 959 iila
109 902 278 979 negatione,
316 920 391 975 quae
419 909 483 960 orta
509 899 622 958 ridetur
649 920 688 959 cx
717 899 812 958 studio
843 897 1086 980 oongbninandi,'

1 1014 4 1021 “
31 1023 99 1077 quiae
126 1002 221 1063 tamen
248 1001 506 1063 cohaerere'nuilo
533 1000 620 1060 modo
650 1011 780 1077 possunt.
829 999 894 1062 Nisi
917 989 1066 1077 ,poiticum

32 1115 125 1178 esset,
153 1111 241 1176 (certe
269 1126 327 1165 nou
354 1107 425 1164 satis
452 1102 579 1179 aneon,
608 1123 645 1162 an
666 1107 752 1164 etiam
771 1105 801 1164 in
823 1105 917 1164 solita
936 1105 1066 1180 ,oratione

30 1203 205 1277 adhibeatur)
230 1218 392 1281 poteramus
413 1208 500 1266 etiam
520 1208 675 1283 suspicarI,
699 1197 754 1267 ὅῦκ
774 1209 796 1266 i.
818 1227 843 1265 e.
868 1197 884 1268 ὃ
908 1203 939 1266 ἐκ
962 1189 1064 1266 Βοιω-

29 1303 105 1383 τίας,
125 1299 143 1367 ὃ
166 1302 200 1366 d'
222 1301 301 1368 disto
321 1330 351 1368 τι
370 1301 533 1386 λαβόντες,
554 1311 694 1368 sententia
713 1309 798 1385 plane
819 1291 929 1369 eadem.
959 1308 1064 1370 Gustu.

86 1407 155 1469 eod.
184 1409 206 1469 1.
233 1417 282 1470 10.
311 1407 556 1485 Βυζαντίων
586 1397 741 1488 τεῖχος]
772 1407 805 1470 Α
834 1433 890 1487 qua
918 1411 988 1472 urbe
1017 1431 1064 1471 ca-

28 1511 122 1598 pienda
145 1511 282 1585 depulsus
301 1511 505 1573 Demosthenis
526 1514 653 1573 consiliis
673 1512 770 1573 fuerat
789 1512 949 1590 Philippus.
990 1511 1063 1574 Vid.

29 1611 107 1672 Orat.
138 1613 177 1672 de
198 1611 310 1696 floron.
339 1635 402 1689 cap.
427 1621 479 1677 27.
522 1607 701 1692 Μασχάλην
727 1616 782 1694 τῆς
806 1607 955 1698 Ἑλλάδος
982 1625 1065 1676 vocat

27 1715 96 1792 apud
123 1713 313 1776 Ardonrteicm
341 1713 439 1794 VIII,
474 1725 524 1778 10.
556 1713 754 1794 Stratonicus,
780 1717 857 1794 qnod
885 1716 994 1778 scilicet
1022 1719 1064 1777 uti

27 1817 105 1878 bomo
125 1821 192 1895 ala,
211 1821 252 1878 itn
274 1816 396 1880 Graecia
414 1817 560 1897 Bymntio
581 1821 644 1896 capi
662 1821 765 1895 possit.
808 1816 881 1880 Vid.
903 1817 1066 1880 casaubon,

26 1943 85 1999 pag.
108 1926 185 1984 384.
228 1918 327 1981 Grau.
1045 1917 1056 2014 ,ι’

84 2023 155 2084 eod.
176 2021 199 2082 l.
224 2031 274 2082 11.
302 2019 479 2108 Χρνσῖῳ.
509 2015 599 2089 πῖθ’
622 2017 812 2097 editiora
833 2024 882 2102 te]
911 2021 1062 2085 Perturba·
1128 2058 1134 2084 ι

27 2129 126 2187 tissima
157 2124 230 2184 haec
257 2136 339 2186 erant
366 2137 449 2186 antea
475 2128 506 2186 in
534 2127 666 2186 omnibus
688 2126 872 2186 editionibus:
909 2147 962 2186 nee
983 2128 1063 2202 ‹pris-

28 2251 105 2305 qnam
131 2239 200 2289 ante
220 2249 267 2288 me
287 2239 436 2303 repertus,
464 2231 514 2303 qui
533 2229 638 2289 saltem
658 2239 827 2304 conquestus
848 2231 903 2304 sit,
933 2230 1062 2304 abrumpi

29 2334 113 2392 subito
145 2333 180 2390 in
214 2332 253 2388 iis
287 2327 438 2404 Antipatri
467 2341 497 2389 et
524 2328 651 2391 Archiae
682 2329 874 2407 colloquiinn,
909 2339 941 2388 nt
966 2332 1062 2389 nescio

31 2439 111 2511 enjus,
130 2435 253 2500 rninirne
273 2428 351 2492 enim
371 2452 411 2490 ex
430 2433 468 2491 iis
488 2423 584 2507 patet,
606 2435 671 2507 quis
691 2431 842 2510 loquatur,
863 2442 913 2510 ut,
935 2425 1061 2508 inqdam,

32 2540 115 2597 nescio
135 2540 223 2609 cujus
244 2535 338 2595 subito
359 2534 445 2594 verbu
466 2531 647 2594 Parmenioni
668 2534 761 2610 diota,
783 2543 812 2593 ct
834 2535 889 2592 elia
909 2533 999 2592 midta
1017 2536 1062 2592 in·
1090 2537 1093 2544 '

29 2639 195 2717 sercinntur,
226 2647 379 2712 antequam
404 2634 558 2714 Antipater
581 2636 697 2697 tandem
723 2647 823 2713 roget,
856 2631 900 2694 au
918 2646 1062 2695 mortuum

28 2758 89 2818 erg'o
108 2742 318 2801 intervenerit?
342 2737 474 2818 Quatuor
493 2761 562 2816 ergo
582 2741 702 2817 integris
723 2725 860 2814 capitibus
880 2735 947 2797 hino
967 2759 1061 2797 remo·

27 2845 75 2920 tis,
100 2861 213 2918 suoque
241 2842 304 2902 loco
332 2840 473 2918 redditis,
503 2843 619 2917 (nempe
638 2843 783 2901 tricesimo
803 2849 921 2916 quarto,
950 2841 1060 2915 quinto,

27 2959 102 3008 sexto
128 2957 162 3007 et
190 2946 326 3019 septimo)
355 2963 431 3002 nunc
457 2943 572 3002 tandem
589 2942 784 3002 addicentibus
805 2943 905 3000 nribus
923 2940 1061 3015 procedet

26 3045 169 3126 Antipatri
197 3067 261 3107 cum
286 3043 400 3106 Archia
427 3045 621 3124 colloquimn3
665 3054 696 3104 et
723 3064 795 3118 quiae
820 3041 887 3102 hinc
913 3045 1061 3117 ejecimus,
1139 3059 1142 3072 ·

25 3150 114 3212 locum
142 3159 228 3212 snum
259 3147 374 3208 tandem
405 3146 586 3224 obtinebunt3
629 3166 734 3220 resque
762 3148 825 3218 ipsa
852 3135 1060 3205 restitutionem

25 3249 91 3313 banc
119 3247 236 3314 abunde
264 3248 459 3326 confirmabit,
489 3269 575 3324 quam
595 3257 660 3307 ante
677 3267 769 3307 annuos
788 3246 889 3323 viginti
907 3266 924 3303 a
945 3265 991 3304 me
1012 3265 1060 3304 re-
1119 3281 1120 3284 =

25 3365 128 3430 pertam
158 3373 217 3413 non
242 3354 315 3412 ineis
340 3361 451 3410 tantum
470 3351 554 3411 libris
575 3349 800 3426 adscripseram,
831 3348 883 3408 sed
903 3348 934 3406 iu
955 3343 1061 3406 Godioe

25 3459 77 3517 siri
96 3454 214 3518 doctiss.
235 3453 287 3515 Io.
307 3449 487 3536 Louglntoo,
508 3450 706 3512 Bibliothecae
728 3448 952 3526 cantabrigiensi
965 3445 1060 3528 ,Prae-
1163 3515 1167 3522 ι

23 3559 98 3639 tecti,
120 3559 262 3619 amicitiae
283 3576 379 3631 eausa,
400 3577 457 3614 non
477 3564 556 3614 tanto
575 3561 640 3630 post
658 3551 813 3612 intervallo
832 3553 861 3610 in
881 3553 977 3636 lucem
993 3571 1061 3626 pro-

25 3660 148 3721 diturum
175 3680 240 3719 mea
268 3677 355 3734 opera
376 3655 536 3718 Lucianum
559 3667 680 3732 putans,
709 3664 908 3714 annotaveram
927 3651 974 3711 his
994 3671 1061 3712 ver-

23 3763 81 3822 bis:
117 3763 248 3841 [relipauo
269 3763 388 3836 pagina
415 3774 444 3819 et
467 3781 545 3835 pora
568 3778 678 3832 magno
698 3758 841 3834 seponatis
861 3755 983 3814 ulterius
1003 3753 1062 3814 loci
1166 3781 1170 3792 ·

22 3880 96 3939 sont,
118 3850 205 3945 quem
224 3865 315 3944 infru
331 3883 407 3936 pog-
431 3867 524 3922 1000.
546 3860 589 3921 Β.
610 3856 816 3930 indicabimus,
841 3879 915 3936 quoe
937 3861 964 3918 si
983 3877 1062 3916 omno
1101 3897 1105 3904 -

23 3970 107 4026 adeso
126 3967 264 4050 feceris,
293 3979 321 4025 et
341 3967 375 4023 io
395 3963 528 4049 dioillo
548 3963 763 4034 locoinoeros,
794 3981 869 4038 purte
890 3979 968 4018 orme
988 3961 1062 4016 miro

20 4067 195 4142 pmurhmo
222 4069 256 4126 iot
280 4064 412 4127 omnibus
438 4062 612 4125 editionibus
639 4063 795 4140 legemur,
818 4061 917 4136 pleuto
944 4057 1061 4118 tandem
1153 4067 1154 4070 ’

26 4183 53 4230 et
71 4169 195 4254 facilia
216 4171 309 4251 fietu.
339 4168 392 4232 M.
420 4166 471 4244 S.]
513 4166 640 4252 (Quibus
667 4165 761 4226 literis
782 4161 900 4226 Mosen
919 4159 1061 4222 Solonem
